<record><leader>00000cas a22000007a 4500</leader><controlfield tag="001">30846054</controlfield><controlfield tag="008">940729d19181920nyuwr ne      0    0eng d</controlfield><datafield ind1=" " ind2=" " tag="010"><subfield code="a">sn 94057797 </subfield></datafield><datafield ind1=" " ind2=" " tag="040"><subfield code="a">NYS</subfield><subfield code="b">eng</subfield><subfield code="c">NYS</subfield><subfield code="d">OCLCQ</subfield><subfield code="d">OCLCF</subfield><subfield code="d">OCLCO</subfield></datafield><datafield ind1=" " ind2=" " tag="042"><subfield code="a">msc</subfield></datafield><datafield ind1=" " ind2=" " tag="043"><subfield code="a">n-us-ny</subfield></datafield><datafield ind1="0" ind2="0" tag="245"><subfield code="a">Thousand Island Park summer bulletin.</subfield></datafield><datafield ind1="3" ind2="0" tag="246"><subfield code="a">T.I. Park bulletin</subfield></datafield><datafield ind1="3" ind2="0" tag="246"><subfield code="a">T.I. Park tribune</subfield></datafield><datafield ind1="3" ind2="0" tag="246"><subfield code="a">T.I. Park news</subfield></datafield><datafield ind1="3" ind2="0" tag="246"><subfield code="a">T.I. Park herald</subfield></datafield><datafield ind1="3" ind2="0" tag="246"><subfield code="a">T.I. Park record</subfield></datafield><datafield ind1="3" ind2="0" tag="246"><subfield code="a">T.I. Park standard</subfield></datafield><datafield ind1="3" ind2="0" tag="246"><subfield code="a">T.I. Park times</subfield></datafield><datafield ind1="3" ind2="0" tag="246"><subfield code="a">T.I. Park press</subfield></datafield><datafield ind1="3" ind2="0" tag="246"><subfield code="a">Thousand Island Park bulletin</subfield></datafield><datafield ind1="3" ind2="0" tag="246"><subfield code="a">Thousand Island Park tribune</subfield></datafield><datafield ind1="3" ind2="0" tag="246"><subfield code="a">Thousand Island Park news</subfield></datafield><datafield ind1="3" ind2="0" tag="246"><subfield code="a">Thousand Island Park herald</subfield></datafield><datafield ind1="3" ind2="0" tag="246"><subfield code="a">Thousand Island Park record</subfield></datafield><datafield ind1="3" ind2="0" tag="246"><subfield code="a">Thousand Island Park standard</subfield></datafield><datafield ind1="3" ind2="0" tag="246"><subfield code="a">Thousand Island Park times</subfield></datafield><datafield ind1="3" ind2="0" tag="246"><subfield code="a">Thousand Island Park press</subfield></datafield><datafield ind1=" " ind2=" " tag="260"><subfield code="a">[Thousand Island Park, N.Y. :</subfield><subfield code="b">s.n.],</subfield><subfield code="c">-1920.</subfield></datafield><datafield ind1=" " ind2=" " tag="300"><subfield code="a">v. ;</subfield><subfield code="c">24-32 cm.</subfield></datafield><datafield ind1=" " ind2=" " tag="310"><subfield code="a">Weekly</subfield></datafield><datafield ind1="1" ind2=" " tag="362"><subfield code="a">Began in 1918?</subfield></datafield><datafield ind1="0" ind2=" " tag="362"><subfield code="a">-v. 5, no. 8 (Sept. 4, 1920).</subfield></datafield><datafield ind1=" " ind2=" " tag="500"><subfield code="a">Issues contain Sunday's church liturgy, 1918-1919.</subfield></datafield><datafield ind1=" " ind2=" " tag="500"><subfield code="a">Issues for 1918-1919 are dated both Saturday and Sunday.</subfield></datafield><datafield ind1=" " ind2=" " tag="500"><subfield code="a">Published as: Thousand Island Park summer bulletin, &lt;July 13/14&gt;-27/28, 1918 and &lt;Aug. 16/17-23/24, 1919&gt;; T.I. Park bulletin, Aug. 10-31, 1918 and &lt;July 17, 1920&gt;; The T.I. Park tribune, July 24, 1920; The T.I. Park news, July 31, 1920; The T.I. Park herald, Aug. 7, 1920; The T.I. Park record, Aug. 14, 1920; The T.I. Park standard, Aug. 21, 1920; The T.I. Park times, Aug. 28, 1920; The T.I. Park press, Sept. 4, 1920.</subfield></datafield><datafield ind1=" " ind2=" " tag="500"><subfield code="a">Published by: T.I. Park Association, 1920.</subfield></datafield><datafield ind1=" " ind2=" " tag="515"><subfield code="a">Issues for Aug. 16/17, 1919 also called vol. 5, no. 5; issues for Aug. 23/24, 1919 also called vol. 6, no. 6.</subfield></datafield><datafield ind1=" " ind2=" " tag="588"><subfield code="a">Description based on: Vol. 2, no. 1 (July 13/14, 1918).</subfield></datafield><datafield ind1=" " ind2="0" tag="651"><subfield code="a">Thousand Island Park (N.Y.)</subfield><subfield code="v">Newspapers.</subfield></datafield><datafield ind1=" " ind2="0" tag="651"><subfield code="a">Jefferson County (N.Y.)</subfield><subfield code="v">Newspapers.</subfield></datafield><datafield ind1=" " ind2="7" tag="655"><subfield code="a">Newspapers.</subfield><subfield code="2">fast</subfield><subfield code="0">(OCoLC)fst01423814</subfield></datafield><datafield ind1=" " ind2="7" tag="651"><subfield code="a">New York (State)</subfield><subfield code="z">Jefferson County.</subfield><subfield code="2">fast</subfield><subfield code="0">(OCoLC)fst01209430</subfield></datafield><datafield ind1=" " ind2="7" tag="651"><subfield code="a">New York (State)</subfield><subfield code="z">Thousand Island Park.</subfield><subfield code="2">fast</subfield><subfield code="0">(OCoLC)fst01302550</subfield></datafield><datafield ind1=" " ind2=" " tag="752"><subfield code="a">United States</subfield><subfield code="b">New York</subfield><subfield code="c">Jefferson</subfield><subfield code="d">Thousand Island Park.</subfield></datafield><datafield ind1="0" ind2="0" tag="780"><subfield code="t">Bulletin board (Thousand Island Park, N.Y.)</subfield><subfield code="w">(DLC)sn 94057796</subfield><subfield code="w">(OCoLC)30845650</subfield></datafield><datafield ind1="0" ind2="0" tag="785"><subfield code="t">Summertime (Thousand Island Park, N.Y.)</subfield><subfield code="w">(DLC)sn 94057798</subfield><subfield code="w">(OCoLC)30846463</subfield></datafield></record>